<?xml version="1.0" encoding="UTF-8"?><collection xmlns="http://www.loc.gov/MARC21/slim"><record><leader>00337nam--2200121-i-4500</leader><controlfield tag="001">000044530</controlfield><controlfield tag="002">20161230</controlfield><controlfield tag="005">20161230201044</controlfield><controlfield tag="008">060222s1000------------r-----000-0-eng-d</controlfield><datafield ind1=" " ind2=" " tag="080"><subfield code="a">621.385</subfield></datafield><datafield ind1=" " ind2=" " tag="245"><subfield code="a">Thermionic valves 1904-1954. the first fifty years</subfield></datafield><datafield ind1=" " ind2=" " tag="260"><subfield code="a">London, The Institution Of Electrical Engineers, 1955, 69p</subfield></datafield><datafield ind1=" " ind2=" " tag="852"><subfield code="a">12701</subfield></datafield></record></collection>